@book{hastieElementsStatisticalLearning2009,
  title = {The {{Elements}} of {{Statistical Learning}}},
  author = {Hastie, Trevor and Tibshirani, Robert and Friedman, Jerome},
  date = {2009},
  series = {Springer {{Series}} in {{Statistics}}},
  publisher = {Springer},
  location = {New York, NY},
  doi = {10.1007/978-0-387-84858-7},
  url = {http://link.springer.com/10.1007/978-0-387-84858-7},
  urldate = {2023-07-07},
  isbn = {978-0-387-84857-0 978-0-387-84858-7},
  keywords = {statistics},
}

@book{jamesIntroductionStatisticalLearning2021,
  title = {An {{Introduction}} to {{Statistical Learning}}: With {{Applications}} in {{R}}},
  shorttitle = {An {{Introduction}} to {{Statistical Learning}}},
  author = {James, Gareth and Witten, Daniela and Hastie, Trevor and Tibshirani, Robert},
  date = {2021},
  series = {Springer {{Texts}} in {{Statistics}}},
  publisher = {Springer US},
  location = {New York, NY},
  doi = {10.1007/978-1-0716-1418-1},
  url = {https://link.springer.com/10.1007/978-1-0716-1418-1},
  urldate = {2024-06-13},
  isbn = {978-1-0716-1417-4 978-1-0716-1418-1},
  langid = {english},
  keywords = {r-software,statistics},
}

@inproceedings{leclercqTASTEApproachGeneral1993,
  title = {The {{TASTE Approach}}: {{General Implicit Solutions}} in {{Multiple Choice Questions}} ({{MCQs}}), {{Open Books Exams}} and {{Interactive Testing}}},
  shorttitle = {The {{TASTE Approach}}},
  booktitle = {Item {{Banking}}: {{Interactive Testing}} and {{Self-Assessment}}},
  author = {Leclercq, D. and Boxus, E. and family=Brogniez, given=P., prefix=de, useprefix=true and Wuidar, H. and Lambert, F.},
  editor = {Leclercq, Dieudonn√® A. and Bruno, James E.},
  date = {1993},
  pages = {210--232},
  publisher = {Springer},
  location = {Berlin, Heidelberg},
  doi = {10.1007/978-3-642-58033-8_17},
  abstract = {The efficiency of school to efficiently train in higher order cognitive skills is sometimes questioned. Principles and techniques (such as open books exams, implicit questioning, self assessment) have been developed to enhance cognitive vigilance, data processing skills and metacognition. The details of those techniques are provided as well as some results about question characteristics and Student opinions. Further developments are considered and perspectivized with ambitious training and assessment goals.},
  isbn = {978-3-642-58033-8},
  langid = {english},
}
@journalArticle{hotellingAnalysisComplexStatistical1933,
  libraryCatalog = {APA PsycNet},
  year = {1933},
  date = {1933-00-00 1933},
  pages = {417-441},
  DOI = {10.1037/h0071325},
  publicationTitle = {Journal of Educational Psychology},
  ISSN = {1939-2176},
  author = {Hotelling, H.},
  title = {Analysis of a complex of statistical variables into principal components},
  extra = {Place: US
Publisher: Warwick & York},
  issue = {6},
  key = {RAP8FFXK},
  abstractNote = {The problem is stated in detail, a method of analysis is derived and its geometrical meaning shown, methods of solution are illustrated and certain derivative problems are discussed. (To be concluded in October issue.) (PsycINFO Database Record (c) 2016 APA, all rights reserved)},
  volume = {24},
}
